@ BOOK{lamport:94,
	author={L.~Lamport},
	title={\LaTeX User's Guide and Reference Manual},
	edition={2nd},
	publisher={Addison Wesley},
	year={1994},
}
